<record><leader>00000cas a2200000 a 4500</leader><controlfield tag="001">36844445</controlfield><controlfield tag="008">970502c19949999flumr ne      0    0eng c</controlfield><datafield ind1=" " ind2=" " tag="010"><subfield code="a">sn 97027750 </subfield></datafield><datafield ind1=" " ind2=" " tag="040"><subfield code="a">FUG</subfield><subfield code="b">eng</subfield><subfield code="c">FUG</subfield><subfield code="d">OCLCQ</subfield><subfield code="d">OCLCF</subfield><subfield code="d">OCLCO</subfield></datafield><datafield ind1="1" ind2=" " tag="029"><subfield code="a">AU@</subfield><subfield code="b">000013250319</subfield></datafield><datafield ind1=" " ind2=" " tag="037"><subfield code="b">370 West Dearborn St., Suite B, Englewood, FL 34223</subfield></datafield><datafield ind1=" " ind2=" " tag="042"><subfield code="a">pcc</subfield></datafield><datafield ind1=" " ind2=" " tag="043"><subfield code="a">n-us-fl</subfield></datafield><datafield ind1="0" ind2="4" tag="245"><subfield code="a">The Review of North Port.</subfield></datafield><datafield ind1="1" ind2="3" tag="246"><subfield code="a">North Port review</subfield></datafield><datafield ind1="1" ind2="7" tag="246"><subfield code="a">Review</subfield></datafield><datafield ind1=" " ind2=" " tag="260"><subfield code="a">Englewood, FL :</subfield><subfield code="b">Newton Studios</subfield></datafield><datafield ind1=" " ind2=" " tag="300"><subfield code="a">v. :</subfield><subfield code="b">ill. (some col.) ;</subfield><subfield code="c">44 cm.</subfield></datafield><datafield ind1=" " ind2=" " tag="310"><subfield code="a">Monthly</subfield></datafield><datafield ind1="1" ind2=" " tag="362"><subfield code="a">Began Nov. 1994.</subfield></datafield><datafield ind1=" " ind2=" " tag="500"><subfield code="a">"Your community newspaper."</subfield></datafield><datafield ind1=" " ind2=" " tag="588"><subfield code="a">Description based on: May 1997.</subfield></datafield><datafield ind1=" " ind2="0" tag="651"><subfield code="a">Englewood (Fla.)</subfield><subfield code="v">Newspapers.</subfield></datafield><datafield ind1=" " ind2="0" tag="651"><subfield code="a">North Port (Fla.)</subfield><subfield code="v">Newspapers.</subfield></datafield><datafield ind1=" " ind2="0" tag="651"><subfield code="a">Sarasota County (Fla.)</subfield><subfield code="v">Newspapers.</subfield></datafield><datafield ind1=" " ind2="7" tag="655"><subfield code="a">Newspapers.</subfield><subfield code="2">fast</subfield><subfield code="0">(OCoLC)fst01423814</subfield></datafield><datafield ind1=" " ind2="7" tag="651"><subfield code="a">Florida</subfield><subfield code="z">Englewood.</subfield><subfield code="2">fast</subfield><subfield code="0">(OCoLC)fst01215628</subfield></datafield><datafield ind1=" " ind2="7" tag="651"><subfield code="a">Florida</subfield><subfield code="z">North Port.</subfield><subfield code="2">fast</subfield><subfield code="0">(OCoLC)fst01224739</subfield></datafield><datafield ind1=" " ind2="7" tag="651"><subfield code="a">Florida</subfield><subfield code="z">Sarasota County.</subfield><subfield code="2">fast</subfield><subfield code="0">(OCoLC)fst01214943</subfield></datafield><datafield ind1=" " ind2=" " tag="752"><subfield code="a">United States</subfield><subfield code="b">Florida</subfield><subfield code="c">Sarasota</subfield><subfield code="d">Englewood.</subfield></datafield><datafield ind1=" " ind2=" " tag="752"><subfield code="a">United States</subfield><subfield code="b">Florida</subfield><subfield code="c">Sarasota</subfield><subfield code="d">North Port.</subfield></datafield><datafield ind1="0" ind2=" " tag="775"><subfield code="t">Review of Rotonda</subfield><subfield code="w">(DLC)sn 97027779</subfield><subfield code="w">(OCoLC)36914929</subfield></datafield></record>